@article{hawking1974,
    author    = {Stephen W. Hawking},
    title     = {Black Hole Explosions?},
    journal   = {Nature},
    year      = {1974},
    volume    = {248},
    pages     = {30-31},
}

@article{shannon1948,
    author    = {Claude E. Shannon},
    title     = {A Mathematical Theory of Communication},
    journal   = {The Bell System Technical Journal},
    year      = {1948},
    volume    = {27},
    pages     = {379–423, 623–656},
}

@book{knuth1984,
    author    = {Donald E. Knuth},
    title     = {The TeXbook},
    publisher = {Addison-Wesley},
    year      = {1984},
    address   = {Reading, Massachusetts},
}

@inproceedings{mccarthy1960,
    author    = {John McCarthy},
    title     = {Recursive Functions of Symbolic Expressions and Their Computation by Machine, Part I},
    booktitle = {Proceedings of the Western Joint Computer Conference},
    year      = {1960},
    pages     = {184-195},
    organization = {ACM},
}

@unpublished{turing1936,
    author    = {Alan Turing},
    title     = {On Computable Numbers, with an Application to the Entscheidungsproblem},
    note      = {Submitted for publication},
    year      = {1936},
}

@techreport{codd1970,
    author    = {Edgar F. Codd},
    title     = {A Relational Model of Data for Large Shared Data Banks},
    institution = {IBM},
    year      = {1970},
    number    = {RJ599},
    address   = {San Jose, California},
}
